@article{bluenrg2,
author = {Unknown Author},
title = {{BlueNRG-2 Bluetooth Low Energy Wireless System-on-chip}},
journal = {STMicroelectronics},
year = {2021},
volume = {},
number = {},
address = {},
edition   = {},
}

@article{an043,
author = {Audun Andersen},
title = {{AN043 -- Small Size 2.4 GHz PCB Antenna}},
journal = {Texas Instruments},
year = {2008},
volume = {D},
number = {},
address = {},
edition   = {},
}

@article{an2867,
author = {Unknown Author},
title = {{Application Note AN2867, Oscillator design guide for STM8AF/AL/S, STM32 MCUs ...}},
journal = {STMicroelectronics},
year = {2023},
volume = {},
number = {19},
address = {},
edition   = {},
}

@article{an4872,
author = {Unknown Author},
title = {{Application Note AN4872, The BlueNRG-1 and BlueNRG-2 UART bootloader protocol}},
journal = {STMicroelectronics},
year = {2021},
volume = {},
number = {4},
address = {},
edition   = {},
}

@article{pm0257,
author = {Unknown Author},
title = {{Programming Manual PM0257, BlueNRG-1, BlueNRG-2 BLE stack v2.x programming guidelines}},
journal = {STMicroelectronics},
year = {2021},
volume = {},
number = {5},
address = {},
edition   = {},
}